<record><leader>00000cas a2200000 a 4500</leader><controlfield tag="001">12632109</controlfield><controlfield tag="008">851003d1866186unyuwr ne      0    0eng c</controlfield><datafield ind1=" " ind2=" " tag="010"><subfield code="a">sn 85026823 </subfield></datafield><datafield ind1=" " ind2=" " tag="040"><subfield code="a">NPX</subfield><subfield code="b">eng</subfield><subfield code="c">NPX</subfield><subfield code="d">NYG</subfield><subfield code="d">NYS</subfield><subfield code="d">OCLCQ</subfield><subfield code="d">OCLCF</subfield><subfield code="d">OCLCO</subfield></datafield><datafield ind1=" " ind2=" " tag="042"><subfield code="a">pcc</subfield></datafield><datafield ind1=" " ind2=" " tag="043"><subfield code="a">n-us-ny</subfield></datafield><datafield ind1="0" ind2="4" tag="245"><subfield code="a">The Marathon leader.</subfield></datafield><datafield ind1=" " ind2=" " tag="260"><subfield code="a">Marathon, N.Y. :</subfield><subfield code="b">P.D. &amp; C.A. Van Vradenburg,</subfield><subfield code="c">1866-</subfield></datafield><datafield ind1=" " ind2=" " tag="300"><subfield code="a">v. ;</subfield><subfield code="c">55 cm.</subfield></datafield><datafield ind1=" " ind2=" " tag="310"><subfield code="a">Weekly</subfield></datafield><datafield ind1="0" ind2=" " tag="362"><subfield code="a">Vol. 4, no. 3 (Mar. 20, 1866)-</subfield></datafield><datafield ind1=" " ind2=" " tag="500"><subfield code="a">Publishers: P.D. &amp; C.A. Van Vradenburg, 1866- ; Van Vradenburg Bros., &lt;1867&gt;; C.A. Van Vradenburg, &lt;1868&gt;.</subfield></datafield><datafield ind1=" " ind2="0" tag="651"><subfield code="a">Marathon (N.Y.)</subfield><subfield code="v">Newspapers.</subfield></datafield><datafield ind1=" " ind2="0" tag="651"><subfield code="a">Cortland County (N.Y.)</subfield><subfield code="v">Newspapers.</subfield></datafield><datafield ind1=" " ind2="7" tag="655"><subfield code="a">Newspapers.</subfield><subfield code="2">fast</subfield><subfield code="0">(OCoLC)fst01423814</subfield></datafield><datafield ind1=" " ind2="7" tag="651"><subfield code="a">New York (State)</subfield><subfield code="z">Cortland County.</subfield><subfield code="2">fast</subfield><subfield code="0">(OCoLC)fst01224811</subfield></datafield><datafield ind1=" " ind2="7" tag="651"><subfield code="a">New York (State)</subfield><subfield code="z">Marathon.</subfield><subfield code="2">fast</subfield><subfield code="0">(OCoLC)fst01222326</subfield></datafield><datafield ind1=" " ind2=" " tag="752"><subfield code="a">United States</subfield><subfield code="b">New York</subfield><subfield code="c">Cortland</subfield><subfield code="d">Marathon.</subfield></datafield><datafield ind1="0" ind2="0" tag="780"><subfield code="t">Marathon mirror</subfield><subfield code="w">(DLC)sn 85026822</subfield><subfield code="w">(OCoLC)12632068</subfield></datafield></record>